<record><leader>00000cas a2200000 a 4500</leader><controlfield tag="001">12593935</controlfield><controlfield tag="008">850924d19131916ksuwr ne      0    0eng d</controlfield><datafield ind1=" " ind2=" " tag="010"><subfield code="a">sn 85029809 </subfield></datafield><datafield ind1=" " ind2=" " tag="040"><subfield code="a">KSH</subfield><subfield code="b">eng</subfield><subfield code="c">KSH</subfield><subfield code="d">NPT</subfield><subfield code="d">OCL</subfield><subfield code="d">OCLCQ</subfield></datafield><datafield ind1=" " ind2=" " tag="042"><subfield code="a">msc</subfield></datafield><datafield ind1="0" ind2="0" tag="245"><subfield code="a">Stanton County journal and progressive news.</subfield></datafield><datafield ind1="1" ind2="7" tag="246"><subfield code="a">Journal-news</subfield></datafield><datafield ind1=" " ind2=" " tag="260"><subfield code="a">Johnson, Kan. :</subfield><subfield code="b">J.B. Reynolds,</subfield><subfield code="c">1913-1916.</subfield></datafield><datafield ind1=" " ind2=" " tag="300"><subfield code="a">2 v. :</subfield><subfield code="b">ill. ;</subfield><subfield code="c">56 cm.</subfield></datafield><datafield ind1=" " ind2=" " tag="310"><subfield code="a">Weekly</subfield></datafield><datafield ind1="0" ind2=" " tag="362"><subfield code="a">Vol. 15, no. 16 (Oct. 10, 1913)-v. 17, no. 36 (Mar. 3, 1916).</subfield></datafield><datafield ind1=" " ind2=" " tag="500"><subfield code="a">Published by Chas. Steinhoff, Mar. 13, 1914-Mar. 3, 1916.</subfield></datafield><datafield ind1=" " ind2=" " tag="752"><subfield code="a">United States</subfield><subfield code="b">Kansas</subfield><subfield code="c">Stanton</subfield><subfield code="d">Johnson City.</subfield></datafield><datafield ind1="0" ind2="4" tag="780"><subfield code="t">Progressive news (Johnson, Kan.)</subfield><subfield code="w">(DLC)sn 85029807</subfield></datafield><datafield ind1="0" ind2="4" tag="780"><subfield code="t">Stanton County journal</subfield><subfield code="w">(DLC)sn 85029808</subfield></datafield><datafield ind1="0" ind2="7" tag="785"><subfield code="t">Johnson City pioneer (Johnson City, Kan. : 1914)</subfield><subfield code="w">(DLC)sn 85029810</subfield></datafield><datafield ind1="0" ind2="7" tag="785"><subfield code="t">Johnson City pioneer and journal-news</subfield><subfield code="w">(DLC)sn 85029811</subfield></datafield><datafield ind1="1" ind2=" " tag="029"><subfield code="a">AU@</subfield><subfield code="b">000022172527</subfield></datafield></record>